@book{book1,
		author    = "Jiménez Millán, José Antonio.",
		title     = "Compiladores y procesadores del lenguaje",
		publisher = "Servicio de Publicaciones de la Universidad de Cádiz.",
		year      = "2014"
}